@misc{coltman2023datadriven,
      title={Data-Driven Scale Bridging Parametrizations with Metrics: Dispersive Transport}, 
      author={Edward Coltman and Martin Schneider and Rainer Helmig},
      month={November},
      year={2023},
      doi={10.48550/arXiv.2311.13975},
      publisher={arXiv},
      primaryClass={math.NA},
      url={https://arxiv.org/abs/2311.13975}
}